<?xml version="1.0" encoding="UTF-8"?><collection xmlns="http://www.loc.gov/MARC21/slim"><record><leader>00448nam--2200169-i-4500</leader><controlfield tag="001">000012595</controlfield><controlfield tag="002">20161230</controlfield><controlfield tag="005">20170114005311</controlfield><controlfield tag="008">060222s1000------------r-----000-0-eng-d</controlfield><datafield ind1=" " ind2=" " tag="080"><subfield code="a">620.187:620.L9L</subfield></datafield><datafield ind1=" " ind2=" " tag="245"><subfield code="a">Grain boundary structure and properties</subfield></datafield><datafield ind1=" " ind2=" " tag="260"><subfield code="a">London</subfield><subfield code="b">Academic Press</subfield><subfield code="c">1976</subfield></datafield><datafield ind1=" " ind2=" " tag="300"><subfield code="a">XVII + 388 p</subfield></datafield><datafield ind1=" " ind2=" " tag="490"><subfield code="a">Materials Science And Technology</subfield></datafield><datafield ind1=" " ind2=" " tag="700"><subfield code="a">Smith, D. A</subfield></datafield><datafield ind1=" " ind2=" " tag="852"><subfield code="a">45856</subfield></datafield><datafield ind1=" " ind2=" " tag="CAT"><subfield code="a">SYS</subfield><subfield code="c">20170114</subfield><subfield code="h">005311</subfield></datafield></record></collection>